@article{aseba2011tmech,
	author      = {Magnenat, St\'{e}phane and R\'{e}tornaz, Philippe and Bonani, Michael and Longchamp, Valentin and Mondada, Francesco},
	doi         = {10.1109/TMECH.2010.2042722},
	issn        = {1083-4435},
	journal     = {{IEEE}/{ASME} {T}ransactions on {M}echatronics},
	number      = {99},
	pages       = {1--9},
	publisher   = {IEEE Press},
	title       = {{ASEBA}: {A} {M}odular {A}rchitecture for {E}vent-{B}ased {C}ontrol of {C}omplex {R}obots},
	volume      = {PP},
	year        = 2010
}

@inproceedings{eliazar2004motionmodel,
	author = {Eliazar, Austin I. and Parr, Ronald},
	title = {Learning Probabilistic Motion Models for Mobile Robots},
	booktitle = {Proceedings of the Twenty-first International Conference on Machine Learning},
	series = {ICML '04},
	year = {2004},
	location = {Banff, Alberta, Canada},
	pages = {32--39},
	doi = {10.1145/1015330.1015413},
	publisher = {ACM},
	address = {New York, NY, USA},
}

@article{fox1999markov,
	title={Markov localization for mobile robots in dynamic environments},
	author={Fox, Dieter and Burgard, Wolfram and Thrun, Sebastian},
	journal={Journal of Artificial Intelligence Research},
	pages={391--427},
	doi={doi:10.1613/jair.616},
	volume={11},
	year={1999}
}

@inproceedings{dellaert1999monte,
  title={Monte carlo localization for mobile robots},
  author={Dellaert, Frank and Fox, Dieter and Burgard, Wolfram and Thrun, Sebastian},
  booktitle={Proceedings of the 1999 IEEE International Conference on Robotics and Automation (ICRA)},
  pages={1322--1328},
  year={1999},
  organization={IEEE}
}

@book{laplace1820prob,
	title={Théorie analytique des probabilités, 3rd rev.},
	author={Pierre-Simon Laplace},
	publisher={Veuve Courcier},
	address={Paris},
	year={1820}
}


@inproceedings{magnenat2012arso,
	title = {A Programming Workshop using the Robot ``{Thymio II}'': The Effect on the Understanding by Children},
	author = {St\'{e}phane Magnenat and Fanny Riedo and Michael Bonani and Francesco Mondada.},
	booktitle = {IEEE Workshop on Advanced Robotics and its Social Impacts (ARSO)},
	year = {2012}
}

@inproceedings{riedo2013arso,
	title = {{Thymio II}, a Robot That Grows Wiser with Children},
	author = {Fanny Riedo and Morgane Chevalier and St\'{e}phane Magnenat and Francesco Mondada},
	booktitle = {IEEE Workshop on Advanced Robotics and its Social Impacts (ARSO)},
	year = {2013}
}

@article{benitti2012explorin,
	title = {Exploring the educational potential of robotics in schools: {A} systematic review},
	volume = {58},
	issn = {0360-1315},
	doi = {10.1016/j.compedu.2011.10.006},
	number = {3},
	journal = {Computers \& Education},
	author = {Benitti, Fabiane Barreto Vavassori},
	month = apr,
	year = {2012},
	pages = {978--988}
}